@article{domino,
author = {Ives, Blake and Walsh, Kenneth R. and Schneider, Helmut},
title = {The domino effect of password reuse},
journal = {Commun. ACM},
volume = {47},
issue = {4},
month = {April},
year = {2004},
issn = {0001-0782},
pages = {75--78},
numpages = {4},
url = {http://doi.acm.org/10.1145/975817.975820},
doi = {http://doi.acm.org/10.1145/975817.975820},
acmid = {975820},
publisher = {ACM},
address = {New York, NY, USA},
}

@inproceedings{habits,
author = {Florencio, Dinei and Herley, Cormac},
title = {A large-scale study of web password habits},
booktitle = {Proceedings of the 16th international conference on World Wide Web},
series = {WWW '07},
year = {2007},
isbn = {978-1-59593-654-7},
location = {Banff, Alberta, Canada},
pages = {657--666},
numpages = {10},
url = {http://doi.acm.org/10.1145/1242572.1242661},
doi = {http://doi.acm.org/10.1145/1242572.1242661},
acmid = {1242661},
publisher = {ACM},
address = {New York, NY, USA},
keywords = {authentication, measurements, password},
} 
