@article{domino,
author = {Ives, Blake and Walsh, Kenneth R. and Schneider, Helmut},
title = {The domino effect of password reuse},
journal = {Commun. ACM},
volume = {47},
issue = {4},
month = {April},
year = {2004},
issn = {0001-0782},
pages = {75--78},
numpages = {4},
url = {http://doi.acm.org/10.1145/975817.975820},
doi = {http://doi.acm.org/10.1145/975817.975820},
acmid = {975820},
publisher = {ACM},
address = {New York, NY, USA},
}

@inproceedings{habits,
author = {Florencio, Dinei and Herley, Cormac},
title = {A large-scale study of web password habits},
booktitle = {Proceedings of the 16th international conference on World Wide Web},
series = {WWW '07},
year = {2007},
isbn = {978-1-59593-654-7},
location = {Banff, Alberta, Canada},
pages = {657--666},
numpages = {10},
url = {http://doi.acm.org/10.1145/1242572.1242661},
doi = {http://doi.acm.org/10.1145/1242572.1242661},
acmid = {1242661},
publisher = {ACM},
address = {New York, NY, USA},
keywords = {authentication, measurements, password},
}

@inproceedings{pwdhash,
author = {Ross, Blake and Jackson, Collin and Miyake, Nick and Boneh, Dan and Mitchell, John C.},
title = {Stronger Password Authentication Using Browser Extensions},
booktitle = {Proceedings of the 14th USENIX Security Symposium},
series = {USENIX '05},
year = {2005},
location = {Baltimore, MD},
} 

@misc{pacheco,
author = {Pacheco, David},
title = {Public key encryption for web site authentication and identification},
year = {1999},
howpublished={\url{http://www.phoenix-web.us/compinfo/pubkey/index.html}}
}

@misc{gqprotocol,
author = {Quisquater, Jean-jacques and Guillou, Louis},
title = {Guillou-Quisquater Protocol},
howpublished={\url{http://cgi.di.uoa.gr/~aggelos/crypto/page9/assets/5exer.pdf}}
}

@misc{huth,
author = {Huth, Michael},
title = {Secure login protocols},
howpublished={\url{http://people.cis.ksu.edu/~huth/cry/login.html}}
}

@misc{gpgauth,
author = {Huff, Kyle},
title = {Gpg {A}uth},
howpublished={\url{http://gpgAuth.org}}
}

@misc{526proj,
author = {Khan, Masud and Milz, Kyle and Nicholson, Jeff},
title = {Gpg {W}eb {A}uthentication},
howpublished={\url{https://github.com/thejnich/526Project}}
}

@misc{firegpg,
title = {Fire{G}pg},
howpublished = {\url{http://getfiregpg.org/s/home}}
}

@misc{npapi,
author = {Huff, Kyle},
title = {gpgauth-npapi},
howpublished = {\url{https://github.com/gpgauth/gpgauth-npapi}}
}

@misc{ext,
author = {Huff, Kyle},
title = {gpgauth-chrome},
howpublished = {\url{https://github.com/gpgauth/gpgauth-chrome}}
}

@misc{extFork,
author = {Khan, Masud and Milz, Kyle and Nicholson, Jeff},
title = {gpgauth-chrome(forked)},
howpublished = {\url{https://github.com/masudio/gpgauth-chrome}}
}

@misc{gpg,
author = {GNU Project},
title = {GNU Privacy Guard},
howpublished = {\url{www.gnupg.org}}
}

@misc{sks,
title = {sks-keyserver},
howpublished = {\url{http://code.google.com/p/sks-keyserver/}}
}

@misc{ubuntuKey,
title = {Ubuntu SKS OpenPGP KeyServer},
howpublished = {\url{http://keyserver.ubuntu.com:11371/}}
}

@misc{weboftrust,
author = {GNU Project},
title = {Managing Your Web of Trust},
howpublished = {\url{http://www.gnupg.org/gph/en/manual.html#AEN533}}
}
